%% This BibTeX bibliography file was created using BibDesk.
%% http://bibdesk.sourceforge.net/

%% Created for zack wang at 2019-01-28 22:27:18 +0800 


%% Saved with string encoding Unicode (UTF-8) 



@book{tiot,
	Author = {Villani, C\' edric},
	Date-Added = {2019-01-28 22:24:02 +0800},
	Date-Modified = {2019-01-28 22:27:08 +0800},
	Publisher = {AMS},
	Series = {Graduate Studies in Mathematics},
	Title = {Topics in Optimal Transportation},
	Volume = {58},
	Year = {2000}}

@article{prffr,
	Author = {Shimon Kogan and Dimitry Levin and Bryan R. Routledge and Jacob S. Sagi and Noah A. Smith.},
	Date-Added = {2019-01-26 16:03:06 +0800},
	Date-Modified = {2019-01-26 16:03:54 +0800},
	Journal = {In Proceedings of the North American Association for Computational Linguistics Human Language Technologies Conference},
	Title = {Predicting risk from financial reports with regression.},
	Volume = {272-280},
	Year = {2009}}

@article{mmfts,
	Author = {Ming, Wang and Long, Chen},
	Date-Added = {2019-01-21 15:25:16 +0800},
	Date-Modified = {2019-01-21 15:26:03 +0800},
	Journal = {J Sci Comput},
	Title = {Multigrid Methods for the Stokes Equations using Distributive Gauss--Seidel Relaxations based on the Least Squares Commutator},
	Year = {2013}}

@article{anlst,
	Author = {HONGCHAO, ZHANG and WILLIAM W. HAGER},
	Date-Added = {2019-01-21 00:22:33 +0800},
	Date-Modified = {2019-01-21 00:23:22 +0800},
	Journal = {SIAM J. OPTIM},
	Number = {4},
	Pages = {1043--1056},
	Title = {A NONMONOTONE LINE SEARCH TECHNIQUE AND ITS APPLICATION TO UNCONSTRAINED OPTIMIZATION},
	Volume = {14},
	Year = {2004}}

@article{fafmf,
	Author = {Yuchin Juan and Yong Zhuang and Wei-Sheng Chin and Chih-Jen Lin},
	Date-Added = {2019-01-20 19:02:26 +0800},
	Date-Modified = {2019-01-20 19:03:35 +0800},
	Journal = {In Proceedings of the ACM Recommender Systems Conference (RecSys)},
	Title = {Field-aware factorization machines for CTR prediction},
	Year = {2016}}

@article{amfnm,
	Author = {S. Sathiya Keerthi and Dennis DeCoste},
	Date-Added = {2019-01-20 16:18:03 +0800},
	Date-Modified = {2019-01-20 16:18:27 +0800},
	Journal = {Journal of Machine Learning Research},
	Title = {A modified finite Newton method for fast solution of large scale linear SVMs},
	Year = {2005}}

@article{libsvm,
	Author = {Chih-Chung, Chang and Chih-Jen, Lin},
	Date-Added = {2019-01-19 13:39:15 +0800},
	Date-Modified = {2019-01-19 13:39:47 +0800},
	Journal = {ACM Transactions on Intelligent Systems and Technology},
	Title = {LIBSVM : a library for support vector machines},
	Year = {2011}}

@article{rcv1,
	Author = {Lewis, David D and Yang, Yiming and Rose, Tony G and Li, Fan},
	Journal = {Journal of machine learning research},
	Number = {Apr},
	Pages = {361--397},
	Title = {Rcv1: A new benchmark collection for text categorization research},
	Volume = {5},
	Year = {2004}}

@misc{mnist,
	Author = {Y. LECUN and C. CORTES and C. J. C. BURGES},
	Howpublished = {\url{http://yann.lecun. com/exdb/mnist/}},
	Note = {2010},
	Title = {The mnist database of handwritten digits}}

@inproceedings{gisette,
	Author = {Guyon, Isabelle and Gunn, Steve and Ben-Hur, Asa and Dror, Gideon},
	Booktitle = {Advances in neural information processing systems},
	Pages = {545--552},
	Title = {Result analysis of the NIPS 2003 feature selection challenge},
	Year = {2005}}

@misc{CINA,
	Author = {C. WORKBENCH TEAM},
	Howpublished = {\url{http://www.causality.inf.ethz.ch/data/CINA.html}},
	Note = {09, 2008},
	Title = {A marketing dataset}}

@article{pSVRG,
	Author = {Xiao, Lin and Zhang, Tong},
	Journal = {SIAM Journal on Optimization},
	Number = {4},
	Pages = {2057--2075},
	Publisher = {SIAM},
	Title = {A proximal stochastic gradient method with progressive variance reduction},
	Volume = {24},
	Year = {2014}}

@article{Adagrad,
	Author = {Duchi, John and Hazan, Elad and Singer, Yoram},
	Journal = {Journal of Machine Learning Research},
	Number = {Jul},
	Pages = {2121--2159},
	Title = {Adaptive subgradient methods for online learning and stochastic optimization},
	Volume = {12},
	Year = {2011}}

@article{assnm,
	Author = {Milzarek, Andre and Xiao, Xiantao and Cen, Shicong and Wen, Zaiwen and Ulbrich, Michael},
	Journal = {arXiv preprint arXiv:1803.03466},
	Title = {A Stochastic Semismooth Newton Method for Nonsmooth Nonconvex Optimization},
	Year = {2018}}

@article{FISTA,
	Author = {A., Beck and M., Teboulle},
	Date-Added = {2018-12-05 21:40:31 +0800},
	Date-Modified = {2018-12-05 21:41:37 +0800},
	Journal = {SIAM J. on Imaging Sciences},
	Title = {A fast iterative shrinkage-thresholding algorithm for linear inverse problems},
	Year = {2009}}

@article{iPiasco,
	Author = {Ochs, Peter and Brox, Thomas and Pock, Thomas},
	Date-Added = {2018-11-30 14:35:48 +0800},
	Date-Modified = {2018-11-30 14:38:45 +0800},
	Journal = {JMIV},
	Number = {2},
	Pages = {171--181},
	Title = {{iPiasco}: Inertial Proximal Algorithm for Strongly Convex Optimization},
	Volume = {53},
	Year = {2015}}

@book{ito,
	Author = {B. T. Polyak},
	Date-Added = {2018-11-27 00:22:56 +0800},
	Date-Modified = {2018-11-27 00:23:30 +0800},
	Publisher = {Optimization Software Inc.},
	Title = {Introduction to Optimization},
	Year = {1987}}

@article{srbsa,
	Author = {Wright, S.J. and Nowak, R.D. and Figueiredo, M.A.T.},
	Date-Added = {2018-11-17 00:52:22 +0800},
	Date-Modified = {2018-11-17 00:54:05 +0800},
	Journal = {ISSS Trans. Signal Process},
	Pages = {2479-2493},
	Title = {Sparse reconstruction by separable approximation},
	Volume = {57},
	Year = {2009}}

@article{afafs,
	Author = {Zaiwen, Wen and Wotao, Yin and W. Goldfarb and D. Zhang},
	Date-Added = {2018-11-17 00:49:18 +0800},
	Date-Modified = {2018-11-17 00:51:45 +0800},
	Journal = {SIAM J. Sci. Comput},
	Pages = {1832-1857},
	Title = {A fast algorithm for sparse reconstruction based on shrinkage, subspace optimization, and continuation.},
	Volume = {32},
	Year = {2010}}

@article{arssn,
	Author = {Xiantao, Xiao and Yongfeng, Li and Zaiwen, Wen and Liwei, Zhang},
	Date-Added = {2018-11-16 12:08:48 +0800},
	Date-Modified = {2018-11-16 12:10:10 +0800},
	Journal = {Springer Science+Business Media},
	Title = {A Regularized Semi-Smooth Newton Method with Projection Steps for Composite Convex Programs},
	Year = {2017}}

@article{asnmw,
	Author = {Milzarek, A. and Ulbrich, M.},
	Date-Added = {2018-11-15 23:29:03 +0800},
	Date-Modified = {2018-11-15 23:30:34 +0800},
	Journal = {SIAM Journal on Optimization},
	Pages = {298-333},
	Title = {A semismooth Newton method with multidimensional filter globalization for l1-optimization},
	Volume = {24},
	Year = {2014}}

@article{ncgm,
	Author = {Dai, YuHong},
	Date-Added = {2018-11-03 00:29:21 +0800},
	Date-Modified = {2018-11-03 00:40:02 +0800},
	Journal = {Shanghai Science and Technology Publisher},
	Title = {Nonlinear Conjugate Gradient Methods},
	Year = {2000}}

@book{num_opt,
	Author = {Jorge, Nocedal and Stephen, J. Wright},
	Date-Added = {2018-10-29 11:28:29 +0800},
	Date-Modified = {2018-10-29 11:29:57 +0800},
	Publisher = {Springer},
	Title = {Numerical Optimization},
	Year = {2006}}

@article{drkda,
	Author = {Zhang, Jingzhao and Mokhtari, Aryan and Sra, Suvrit and Jadbabaie, Ali},
	Date-Added = {2018-10-29 00:55:52 +0800},
	Date-Modified = {2018-10-29 00:56:57 +0800},
	Journal = {{arXiv}: 1805.00521},
	Title = {Direct Runge-Kutta Discretization Achieves Acceleration},
	Year = {2018}}

@book{iloco,
	Author = {Nesterov, Yurii},
	Date-Added = {2018-10-01 22:54:56 +0800},
	Date-Modified = {2018-10-01 22:59:22 +0800},
	Publisher = {Springer Science {\&} Business Media},
	Title = {Introductory lectures on convex optimization: A basic course},
	Volume = {87},
	Year = {2013}}

@article{imaao,
	Author = {Scieur, Damien and Roulet, Vincent and Bach, Francis and d'Aspremont, Alexandre},
	Date-Added = {2018-10-01 22:50:00 +0800},
	Date-Modified = {2018-10-01 22:51:33 +0800},
	Journal = {{arXiv}:1702.06751},
	Title = {Integration Methods and Accelerated Optimization Algorithms},
	Year = {2017}}

@article{pioan,
	Author = {Duan Haibin and Qiao Peixin},
	Date-Added = {2018-09-24 13:01:36 +0800},
	Date-Modified = {2018-09-24 13:02:34 +0800},
	Journal = {IJICC},
	Title = {Pigeon-inspired optimization: a new swarm intelligence optimizer for air robot path planning},
	Year = {2014}}

@article{alaom,
	Author = {Wilson Ashia C. and Recht Benjamin and Jordan Michael I.},
	Date-Added = {2018-09-22 16:11:03 +0800},
	Date-Modified = {2018-09-22 16:12:13 +0800},
	Journal = {{arXiv}:1611.02635},
	Title = {A Lyapunov Analysis of Momentum Methods in Optimization},
	Year = {2016}}

@article{avpoa,
	Author = {Wibisono Andre and Wilson Ashia C. and Jordan Michael I.},
	Date-Added = {2018-09-22 12:58:45 +0800},
	Date-Modified = {2018-09-22 12:59:11 +0800},
	Journal = {{arXiv}:1603.04245},
	Title = {A Variational Perspective on Accelerated Methods in Optimization},
	Year = {2016}}

@article{arfag,
	Author = {B. O'Donoghue and E. J. Cand`es},
	Date-Added = {2018-09-16 11:20:17 +0800},
	Date-Modified = {2018-09-16 11:20:48 +0800},
	Journal = {Found. Comput. Math.},
	Title = {Adaptive restart for accelerated gradient schemes},
	Year = {2013}}

@article{nesterov,
	Author = {Y. Nesterov},
	Date-Added = {2018-09-14 12:40:22 +0800},
	Date-Modified = {2018-10-29 12:05:57 +0800},
	Journal = {Soviet Mathematics Doklady},
	Number = {2},
	Pages = {372--376},
	Title = {A method of solving a convex programming problem with convergence rate {$O(1/k^2)$}},
	Volume = {27},
	Year = {1983}}

@article{adefm,
	Author = {Su, Weijie and Boyd., Stephen and Cand{\'e}s, Emmanuel, J},
	Date-Added = {2018-09-14 12:33:31 +0800},
	Date-Modified = {2018-10-01 21:53:36 +0800},
	Journal = {JMLR},
	Title = {A Differential Equation for Modeling Nesterov's Accelerated Gradient Method: Theory and Insights},
	Year = {2016}}

@article{gtbat,
	Author = {Heusel M. and Ramsauer H. and Unterthiner T. and Nessler B. and Hochreiter S.},
	Date-Added = {2018-09-09 18:59:00 +0800},
	Date-Modified = {2018-09-09 19:00:35 +0800},
	Journal = {NIPS},
	Title = {GANs Trained by a Two Time-Scale Update Rule Converge to a Local Nash Equilibrium},
	Year = {2017}}

@article{adam,
	Author = {Kingma D. P. and Ba, J. L.},
	Date-Added = {2018-09-09 18:55:08 +0800},
	Date-Modified = {2018-09-09 18:57:44 +0800},
	Journal = {International Conference on Learning Representations},
	Pages = {1-11},
	Title = {Adam: a Method for Stochastic Optimization},
	Year = {2015}}

@article{wrn,
	Author = {Zagoruyko Sergey and Komodakis Nikos},
	Date-Added = {2018-09-03 19:55:52 +0800},
	Date-Modified = {2018-09-03 19:57:16 +0800},
	Journal = {arXIv:1605.07146},
	Title = {Wide Residual Networks},
	Year = {2016}}

@article{gdwc,
	Author = {C. Szegedy and W. Liu and Y. Jia and P. Sermanet and S. Reed and D. Anguelov and D. Erhan and V. Vanhoucke and A. Rabinovich.},
	Date-Added = {2018-09-02 12:43:21 +0000},
	Date-Modified = {2018-09-02 12:44:33 +0000},
	Journal = {Proceedings of the IEEE Conference on Computer Vision and Pattern Recognition},
	Pages = {1-9},
	Title = {Going deeper with convolutions},
	Year = {2015}}

@article{igcfd,
	Author = {Zhang Ting and Qi Guo-Jun and Xiao Bin and Wang Jingdong},
	Date-Added = {2018-09-02 12:21:50 +0000},
	Date-Modified = {2018-09-02 12:23:07 +0000},
	Journal = {ICCV},
	Title = {Interleaved Group Convolutions for Deep Neural Networks},
	Year = {2017}}

@article{VGG,
	Author = {K. Simonyan and A. Zisserman.},
	Date-Added = {2018-09-02 12:13:38 +0000},
	Date-Modified = {2018-09-02 12:14:11 +0000},
	Journal = {arXiv preprint arXiv:1409.1556},
	Title = {Very deep convolutional networks for large-scale image recognition},
	Year = {2014}}

@article{rtiaf,
	Author = {Szegedy Christian and Vanhoucke Vincent and Ioffe Sergey and Shlens Jonathon and Wojna Zbigniew},
	Date-Added = {2018-09-02 11:25:22 +0000},
	Date-Modified = {2018-09-02 12:25:16 +0000},
	Journal = {arXiv:1512.0056},
	Title = {Rethinking the Inception Architecture for Computer Vision},
	Year = {2015}}

@article{icdwc,
	Author = {Alex Krizhevsky and Ilya Sutskever and Geoff Hinton},
	Date-Added = {2018-09-01 14:29:40 +0000},
	Date-Modified = {2018-09-01 14:31:25 +0000},
	Journal = {Advances in Neural Information Processing Systems},
	Number = {25},
	Pages = {1106--1114},
	Title = {Imagenet classification with deep con- volutional neural networks},
	Year = {2012}}

@article{SVHN,
	Author = {Yuval Netzer, Tao Wang and Adam Coates and Alessandro Bissacco and Bo Wu and Andrew Y Ng},
	Date-Added = {2018-09-01 14:24:41 +0000},
	Date-Modified = {2018-09-01 14:25:38 +0000},
	Journal = {NIPS Workshop on Deep Learning and Unsupervised Feature Learning},
	Title = {Reading digits in natural images with unsupervised feature learning},
	Year = {2011}}

@book{cifar,
	Author = {Alex Krizhevsky},
	Date-Added = {2018-09-01 14:17:11 +0000},
	Date-Modified = {2018-09-01 14:18:35 +0000},
	Publisher = {Master's thesis, Department of Computer Science, University of Toronto},
	Title = {Learning Multiple Layers of Features from Tiny Images},
	Year = {2009}}

@article{aynib,
	Author = {Di Xie and Jiang Xiong and Shiliang Pu},
	Date-Added = {2018-07-02 08:13:02 +0000},
	Date-Modified = {2018-07-02 08:15:43 +0000},
	Journal = {CVPR},
	Title = {All You Need is Beyond a Good Init: Exploring Better Solution for Training Extremely Deep Convolutional Neural Networks with Orthonormality and Modulation},
	Year = {2017}}

@article{BN,
	Author = {Sergey Ioffe and Christian Szegedy},
	Date-Added = {2018-05-06 08:57:49 +0000},
	Date-Modified = {2018-05-06 08:59:36 +0000},
	Journal = {Proceedings of The 32nd International Conference on Machine Learning,},
	Pages = {448--456},
	Title = {Batch normalization: Accelerating deep network training by reducing internal covariate shift},
	Year = {2015}}

@article{dccn,
	Author = {Huang, Gao and Liu, Zhuang and van der Maaten, Laurens and Weinberger, Kilian Q.},
	Journal = {CVPR},
	Title = {Densely Connected Convolutional Networks},
	Year = {2017}}

@article{ddioc,
	Author = {P.Krahenbuhl and C.Doersch,J.Donahue and T.Darrell},
	Date-Added = {2018-07-02 08:24:56 +0000},
	Date-Modified = {2018-09-02 12:24:50 +0000},
	Journal = {arXiv:1511.06856},
	Title = {Data-dependent initializations of convolutional neural networks},
	Year = {2015}}

@book{dlb,
	Author = {Ian Goodfellow and Yoshua Bengio and Aaron Courville},
	Date-Added = {2018-06-05 11:56:52 +0000},
	Date-Modified = {2018-06-05 11:57:49 +0000},
	Publisher = {MIT Press},
	Title = {Deep learning},
	Year = {2016}}

@article{drlfi,
	Author = {Kaiming He and Xiangyu Zhang and Shaoqing Ren and Jian Sun},
	Journal = {CVPR},
	Title = {Deep residual learning for image recognition},
	Year = {2016}}

@article{FIRE,
	Author = {Huang, Gao and Liu, Zhuang and van der Maaten, Laurens and Weinberger, Kilian Q.},
	Journal = {Physical Review Letters},
	Number = {17},
	Title = {Structural Relaxation Made Simple},
	Volume = {97},
	Year = {2006}}

@article{geo-alg,
	Author = {Alan Edelman, Tom{\'a}s A Arias and Steven T Smith},
	Date-Added = {2018-05-06 09:08:23 +0000},
	Date-Modified = {2018-05-06 10:13:04 +0000},
	Journal = {SIAM journal on Matrix Analysis and Applications},
	Number = {2},
	Pages = {303--353},
	Title = {The geometry of algorithms with orthogonality constraints},
	Volume = {20},
	Year = {1998}}

@article{Joint_diag,
	Author = {Absil, P. A. and Gallivan, K. A.},
	Date-Added = {2018-05-13 12:30:55 +0000},
	Date-Modified = {2018-05-13 12:32:57 +0000},
	Journal = {ICASSP},
	Pages = {945-948},
	Title = {Joint diagonalization on the oblique manifold for independent component analysis},
	Volume = {5},
	Year = {2006}}

@article{mlsgm,
	Author = {Yang, Shuoguang and Wang, Mengdi and Fang, Ethan X.},
	Journal = {arXiv:1801.03600 [math]},
	Title = {Multi-Level Stochastic Gradient Methods for Nested Composition Optimization},
	Year = {2018}}

@article{nin,
	Author = {Lin, Min and Chen, Qiang and Yan, Shuicheng},
	Journal = {ICLR},
	Title = {Network In Network},
	Year = {2014}}

@article{npapt,
	Author = {D. Arpit and Y. Zhou and B. U. Kota and V. Govindaraju},
	Date-Added = {2018-07-02 08:23:51 +0000},
	Date-Modified = {2018-07-02 08:27:29 +0000},
	Journal = {ICML},
	Title = {Normalization propagation: A parametric technique for removing internal covariate shift in deep networks},
	Year = {2016}}

@article{oosoc,
	Author = {O. Mete and O. Takayuki},
	Journal = {arXiv:1610.07008},
	Title = {Optimization on submanifolds of convolution kernels in cnns},
	Year = {2016}}

@article{otmti,
	Author = {Qian, Ning},
	Date = {1999-01},
	Issn = {08936080},
	Journal = {Neural Networks},
	Number = {1},
	Pages = {145--151},
	Title = {On the momentum term in gradient descent learning algorithms},
	Volume = {12}}

@article{ownst,
	Author = {Huang, Lei and Liu, Xianglong and Lang, Bo and Yu, Adams Wei and Wang, Yongliang and Li, Bo},
	Journal = {AAAI},
	Shorttitle = {Orthogonal {{Weight Normalization}}},
	Title = {Orthogonal {{Weight Normalization}}: {{Solution}} to {{Optimization}} over {{Multiple Dependent Stiefel Manifolds}} in {{Deep Neural Networks}}},
	Year = {2017}}

@article{Rie_app,
	Author = {Minhyung Cho and Jaehyung Lee},
	Date-Added = {2018-05-14 11:08:21 +0000},
	Date-Modified = {2018-05-14 11:10:30 +0000},
	Month = {09},
	Title = {Riemannian approach to batch normalization},
	Year = {2017}}

@article{Rie_pre,
	Author = {Mishra, B. and Sepulchre, R},
	Date-Added = {2018-05-13 11:14:14 +0000},
	Date-Modified = {2018-05-13 11:16:09 +0000},
	Journal = {SIAM Journal on Optimization},
	Number = {1},
	Pages = {635-660},
	Title = {Riemannian preconditioning},
	Volume = {26},
	Year = {2016}}

@article{rwift,
	Author = {D. Sussillo and L. F. Abbott},
	Journal = {arXiv:1412.6558},
	Title = {Random walk initialization for training very deep feedforward networks},
	Year = {2014}}

@article{scgda,
	Author = {Wang, Mengdi and Fang, Ethan X. and Liu, H.},
	Journal = {Mathematical Programming},
	Title = {Stochastic compositional gradient descent: Algorithms for minimizing compositions of expected-value functions},
	Year = {2017}}

@article{tdnws,
	Author = {Ionescu, Catalin and Vantzos, Orestis and Sminchisescu, Cristian},
	Journal = {ICCV},
	Title = {Training {{Deep Networks}} with {{Structured Layers}} by {{Matrix Backpropagation}}},
	Year = {2015}}
